<?xml version="1.0" encoding="UTF-8"?><collection xmlns="http://www.loc.gov/MARC21/slim"><record><leader>00406nam--2200121-i-4500</leader><controlfield tag="001">000039505</controlfield><controlfield tag="002">20161230</controlfield><controlfield tag="005">20161230201042</controlfield><controlfield tag="008">060222s1000------------r-----000-0-eng-d</controlfield><datafield ind1=" " ind2=" " tag="100"><subfield code="a">Rhode,Ulrich L</subfield></datafield><datafield ind1=" " ind2=" " tag="245"><subfield code="a">Transistoren bei hochsten frequenzen. theorie und schaltungspraxis von diffusionstransistoren in vhf und uhf-bereich</subfield></datafield><datafield ind1=" " ind2=" " tag="260"><subfield code="a">Berlin, Verlag Fur Radio-foto-kinotechnik, 1965. 163 P</subfield></datafield><datafield ind1=" " ind2=" " tag="852"><subfield code="a">22628</subfield></datafield></record></collection>